<?xml version="1.0" encoding="UTF-8" standalone="yes"?><bib><mms_id>999795823804341</mms_id><record_format>marc21</record_format><linked_record_id/><title>The ballads of Scotland /</title><author>Aytoun, William Edmondstoune,</author><complete_edition>Second ed., rev. and augm.</complete_edition><network_numbers><network_number>(StEdNL)979582-nlsdb-Voyager</network_number><network_number>CAT1-0680321B</network_number></network_numbers><place_of_publication>Edinburgh :</place_of_publication><date_of_publication>1859.</date_of_publication><publisher_const>W Blackwood and Sons,</publisher_const><holdings link="https://api-eu.hosted.exlibrisgroup.com/almaws/v1/bibs/999795823804341/holdings"/><created_by>import</created_by><created_date>2018-10-10Z</created_date><last_modified_by>System</last_modified_by><last_modified_date>2024-05-20Z</last_modified_date><suppress_from_publishing>false</suppress_from_publishing><suppress_from_external_search>false</suppress_from_external_search><suppress_from_metadoor>false</suppress_from_metadoor><rank>52</rank><sync_with_oclc>NONE</sync_with_oclc><sync_with_libraries_australia>NONE</sync_with_libraries_australia><originating_system>OTHER</originating_system><originating_system_id>979582-nlsdb</originating_system_id><brief_level desc="01">01</brief_level><record><leader>00685cam a22002295  4500</leader><controlfield tag="001">999795823804341</controlfield><controlfield tag="005">20190820125803.0</controlfield><controlfield tag="008">981028s1859    stk           000   eng d</controlfield><datafield ind1=" " ind2=" " tag="035"><subfield code="a">CAT1-0680321B</subfield></datafield><datafield ind1=" " ind2=" " tag="035"><subfield code="9">2746-03660</subfield></datafield><datafield ind1=" " ind2=" " tag="035"><subfield code="a">(StEdNL)979582-nlsdb-Voyager</subfield></datafield><datafield ind1=" " ind2=" " tag="040"><subfield code="a">StEdNL</subfield></datafield><datafield ind1="1" ind2=" " tag="100"><subfield code="a">Aytoun, William Edmondstoune,</subfield><subfield code="d">1813-1865.</subfield></datafield><datafield ind1="1" ind2="4" tag="245"><subfield code="a">The ballads of Scotland /</subfield><subfield code="c">edited by W.E. Aytoun.</subfield></datafield><datafield ind1=" " ind2=" " tag="250"><subfield code="a">Second ed., rev. and augm.</subfield></datafield><datafield ind1=" " ind2=" " tag="260"><subfield code="a">Edinburgh :</subfield><subfield code="b">W. Blackwood and Sons,</subfield><subfield code="c">1859.</subfield></datafield><datafield ind1=" " ind2=" " tag="300"><subfield code="a">2 v. ;</subfield><subfield code="c">8vo.</subfield></datafield><datafield ind1=" " ind2=" " tag="919"><subfield code="a">NBS</subfield></datafield><datafield ind1=" " ind2=" " tag="955"><subfield code="a">NG.1169.g.6</subfield><subfield code="b">NG</subfield></datafield><datafield ind1=" " ind2=" " tag="956"><subfield code="a">NLS</subfield></datafield><datafield ind1=" " ind2=" " tag="991"><subfield code="g">C1SAZ</subfield></datafield><datafield ind1=" " ind2=" " tag="995"><subfield code="a">SCO</subfield><subfield code="b">THIS IS A TEMPORARY CATALOGUE 1 RETROCONVERTED RECORD</subfield></datafield></record></bib>